@book{hyndman2018forecasting,
  title={Forecasting: principles and practice},
  author={Hyndman, Rob J and Athanasopoulos, George},
  year={2018},
  publisher={OTexts}
}

@techreport{panagiotelis2020probabilistic,
  title={Probabilistic Forecast Reconciliation: Properties, Evaluation and Score Optimisation},
  author={Panagiotelis, Anastasios and Gamakumara, Puwasala and Athanasopoulos, George and Hyndman, Rob and others},
  year={2020},
  institution={Monash University, Department of Econometrics and Business Statistics}
}

@techreport{ashouri2019fast,
  title={Fast forecast reconciliation using linear models},
  author={Ashouri, Mahsa and Hyndman, Rob J and Shmueli, Galit and others},
  year={2019},
  institution={Monash University, Department of Econometrics and Business Statistics}
}

@article{hyndman2014optimally,
  title={Optimally reconciling forecasts in a hierarchy},
  author={Hyndman, Rob J and Athanasopoulos, George and others},
  journal={Foresight: The International Journal of Applied Forecasting},
  number={35},
  pages={42--48},
  year={2014},
  publisher={International Institute of Forecasters}
}

@article{abolghasemi2020model,
  title={Model selection in reconciling hierarchical time series},
  author={Abolghasemi, Mahdi and Hyndman, Rob and Spiliotis, Evangelos and Bergmeir, Christoph},
  journal={arXiv preprint arXiv:2010.10742},
  year={2020}
}

@article{spiliotis2020hierarchical,
  title={Hierarchical forecast reconciliation with machine learning},
  author={Spiliotis, Evangelos and Abolghasemi, Mahdi and Hyndman, Rob J and Petropoulos, Fotios and Assimakopoulos, Vassilios},
  journal={arXiv preprint arXiv:2006.02043},
  year={2020}
}

@article{abolghasemi2019machine,
  title={Machine learning applications in time series hierarchical forecasting},
  author={Abolghasemi, Mahdi and Hyndman, Rob J and Tarr, Garth and Bergmeir, Christoph},
  journal={arXiv preprint arXiv:1912.00370},
  year={2019}
}

@article{smyl2020hybrid,
  title={A hybrid method of exponential smoothing and recurrent neural networks for time series forecasting},
  author={Smyl, Slawek},
  journal={International Journal of Forecasting},
  volume={36},
  number={1},
  pages={75--85},
  year={2020},
  publisher={Elsevier}
}

@article{taylor2018forecasting,
  title={Forecasting at scale},
  author={Taylor, Sean J and Letham, Benjamin},
  journal={The American Statistician},
  volume={72},
  number={1},
  pages={37--45},
  year={2018},
  publisher={Taylor \& Francis}
}

@article{makridakis2020m4,
  title={The M4 Competition: 100,000 time series and 61 forecasting methods},
  author={Makridakis, Spyros and Spiliotis, Evangelos and Assimakopoulos, Vassilios},
  journal={International Journal of Forecasting},
  volume={36},
  number={1},
  pages={54--74},
  year={2020},
  publisher={Elsevier}
}